% Encoding: UTF-8

@Book{landau2008survey,
  author    = {Landau, Rubin H and Paez, Jose and Mej{\'\i}a, Manuel Jos{\'e} P{\'a}ez and Bordeianu, Cristian C},
  publisher = {Princeton University Press},
  title     = {A survey of computational physics: introductory computational science},
  year      = {2008},
}

@TechReport{fadnavis1998some,
  author = {Fadnavis, Suvarna},
  title  = {Some Numerical Experiments on Round-Off Error Growth in Finite Precision Numerical Computation},
  year   = {1998},
}

@Article{goldberg1991every,
  author    = {Goldberg, David},
  journal   = {ACM Computing Surveys (CSUR)},
  title     = {What every computer scientist should know about floating-point arithmetic},
  year      = {1991},
  number    = {1},
  pages     = {5--48},
  volume    = {23},
  publisher = {ACM New York, NY, USA},
}

@Misc{numeric_ana_1,
  author       = {M.R. Oâ€™Donohoe},
  howpublished = {{Computer Laboratory, University of Cambridge}},
  title        = {Numerical Analysis I},
  year         = {2009-2010},
  url 		   = {https://www.cl.cam.ac.uk/teaching/1011/FPComp/na1seq-pfb.pdf},
} 

@Misc{fpc,
  author       = {D J Greaves},
  howpublished = {{Computer Laboratory, University of Cambridge}},
  title        = {Floating Point Computation},
  url          = {https://www.cl.cam.ac.uk/teaching/1011/FPComp/fpcomp10slides.pdf},
  year         = {2010-2011},
}

@Misc{Keinert,
  author       = {Fritz Keinert},
  howpublished = {{Department of Mathematics, Iowa state University}},
  title        = {Computer Arithmetic and Computational Errors},
  url          = {https://orion.math.iastate.edu/keinert/computation_notes/chapter2.pdf},
  year         = {2008},
}	

@Comment{jabref-meta: databaseType:bibtex;}
